<?xml version="1.0" encoding="UTF-8"?><record xmlns="http://www.loc.gov/MARC21/slim" xmlns:cinclude="http://apache.org/cocoon/include/1.0" xmlns:zs="http://www.loc.gov/zing/srw/">
  <leader>00646cz  a2200145n  4500</leader>
  <controlfield tag="001">no2003111500</controlfield>
  <controlfield tag="003">DLC</controlfield>
  <controlfield tag="005">20101223075106.0</controlfield>
  <controlfield tag="008">031104n| acannaabn          |a ana     c</controlfield>
  <datafield tag="010" ind1=" " ind2=" ">
    <subfield code="a">no2003111500</subfield>
  </datafield>
  <datafield tag="035" ind1=" " ind2=" ">
    <subfield code="a">(OCoLC)oca06195822</subfield>
  </datafield>
  <datafield tag="040" ind1=" " ind2=" ">
    <subfield code="a">WaU</subfield>
    <subfield code="b">eng</subfield>
    <subfield code="c">WaU</subfield>
    <subfield code="d">UkCU</subfield>
  </datafield>
  <datafield tag="110" ind1="2" ind2=" ">
    <subfield code="a">Trung tâm nghiên cứu giáo dục mà̂m non (Vietnam)</subfield>
  </datafield>
  <datafield tag="410" ind1="1" ind2=" ">
    <subfield code="a">Vietnam.</subfield>
    <subfield code="b">Bộ giáo dục và đào tạo.</subfield>
    <subfield code="b">Trung tâm nghiên cứu giáo dục mà̂m non</subfield>
  </datafield>
  <datafield tag="670" ind1=" " ind2=" ">
    <subfield code="a">Một só̂ đặc điẻ̂m phát triẻ̂n của trẻ em ... 2001:</subfield>
    <subfield code="b">t.p. (Trung tâm nghiên cứu giáo dục mà̂m non) cover (Bộ giáo dục và đào tạo)</subfield>
  </datafield>
</record>